<?xml version="1.0" encoding="UTF-8"?><collection xmlns="http://www.loc.gov/MARC21/slim"><record><leader>00570nam--2200181-u-4500</leader><controlfield tag="001">000055935</controlfield><controlfield tag="002">20161230</controlfield><controlfield tag="005">20161230201052</controlfield><controlfield tag="008">130826s1000------------r-----000-0-rum-d</controlfield><datafield ind1=" " ind2=" " tag="040"><subfield code="a">IFIN-HH</subfield></datafield><datafield ind1=" " ind2=" " tag="041"><subfield code="a">rum</subfield></datafield><datafield ind1=" " ind2=" " tag="080"><subfield code="a">629.19</subfield></datafield><datafield ind1="1" ind2=" " tag="110"><subfield code="a">University Babes-bolyai</subfield></datafield><datafield ind1="1" ind2="0" tag="245"><subfield code="a">Visual observations of artificial earth satellites</subfield><subfield code="b">Supplement dedicated to the twentieth anniversary of the first artificial earth satellite launch</subfield></datafield><datafield ind1=" " ind2=" " tag="260"><subfield code="a">Cluj-napoca</subfield><subfield code="b">University Babes-bolyai</subfield><subfield code="c">1977</subfield></datafield><datafield ind1=" " ind2=" " tag="300"><subfield code="a">141P</subfield></datafield><datafield ind1=" " ind2=" " tag="852"><subfield code="a">48649</subfield><subfield code="c">521/522</subfield></datafield><datafield ind1=" " ind2=" " tag="CAT"><subfield code="a">Sys</subfield><subfield code="c">20130826</subfield><subfield code="h">182102</subfield></datafield></record></collection>